%% This BibTeX bibliography file was created using BibDesk.
%% http://bibdesk.sourceforge.net/

%% Created for Henry Lin at 2016-04-01 20:46:02 -0500 


%% Saved with string encoding Unicode (UTF-8) 



@conference{Hussain:2012,
	Address = {Dhaka, Bangladesh},
	Author = {Shah Muhammed Abid Hussain and A. B. M. Harunur Rashid },
	Booktitle = {Informatics, Electronics and Vision (ICIEV), 2012 International Conference on},
	Date-Added = {2016-04-02 01:36:21 +0000},
	Date-Modified = {2016-04-02 01:45:50 +0000},
	Month = {Apr},
	Title = {User Independent Hand Gesture Recognition by Accelerated DTW},
	Year = {2012}}

@conference{Ji:2015,
	Address = {Beijing, China},
	Author = {Zhe Ji and Zhi-Yi Li and Peng Li and MaoBo An},
	Booktitle = {Fuzzy Systems and Knowledge Discovery (FSKD), 2015 International Conference on},
	Date-Added = {2016-04-01 23:47:36 +0000},
	Date-Modified = {2016-04-02 01:46:00 +0000},
	Month = {Aug},
	Title = {A new effective wearable hand gesture recognition algorithm with 3-axis accelerometer},
	Year = {2015}}

@inproceedings{authmodels,
	Acmid = {2737091},
	Address = {Singapore},
	Author = {Zhang, Zhi-Kai and Cho, Michael Cheng Yi and Shieh, Shiuhpyng},
	Booktitle = {Proceedings of the Symposium on Information, Computer and Communications Security (ASIA CCS `15)},
	Doi = {10.1145/2714576.2737091},
	Isbn = {978-1-4503-3245-3},
	Month = Apr,
	Publisher = {ACM},
	Title = {{Emerging Security Threats and Countermeasures in IoT}},
	Url = {http://doi.acm.org/10.1145/2714576.2737091},
	Year = {2015},
	Bdsk-Url-1 = {http://doi.acm.org/10.1145/2714576.2737091},
	Bdsk-Url-2 = {http://dx.doi.org/10.1145/2714576.2737091}}

@misc{cisco:iot-pf,
	Author = {{Cisco Systems, Inc.}},
	Howpublished = {\url{http://www.cisco.com/c/en/us/about/security-center/secure-iot-proposed-framework.html}},
	Note = {(Accessed: 2016-02-16)},
	Title = {{Securing the Internet of Things: A Proposed Framework}}}

@article{RuizeXu,
	Author = {Ruize Xu and Shengli Zhou and Wen J. Li},
	Journal = {IEEE Sensors Journal},
	Month = {Sep},
	Number = {5},
	Pages = {1166 - 1173},
	Title = {{MEMS Accelerometer Based Nonspecific-User Hand Gesture Recognition}},
	Volume = {12},
	Year = {2011}}

@inproceedings{Casanova,
	Address = {Prague, Czech Republic},
	Author = {J. Guerra Casanova and C. Sanchez Avila and A. de Santos Sierra and G. Bailador del' Pozo and V. Jara Vera},
	Booktitle = {Proceedings of the Conference on Networked Digital Technologies},
	Month = {Jul},
	Series = {Communications in Computer and Information Science},
	Title = {{A Real-Time In-Air Signature Biometric Technique Using a Mobile Device Embedding an Accelerometer}},
	Year = {2010}}

@article{LiuuWave,
	Author = {Jiayang Liu and Lin Zhong and Jehan Wickramasuriya and Venu Vasudevan},
	Journal = {Pervasive and Mobile Computing},
	Month = {Dec},
	Number = {6},
	Pages = {657--675},
	Title = {{uWave: Accelerometer-based Personalized Gesture Recognition and Its Applications}},
	Volume = {5},
	Year = {2009}}

@inproceedings{Liu:2009,
	Acmid = {1613878},
	Address = {Bonn, Germany},
	Articleno = {15},
	Author = {Jiayang Liu and Lin Zhong and Jehan Wickramasuriya and Venu Vasudevan},
	Booktitle = {Proceedings of the International Conference on Human-Computer Interaction with Mobile Devices and Services (MobileHCI `09)},
	Doi = {10.1145/1613858.1613878},
	Month = {Sep},
	Title = {{User Evaluation of Lightweight User Authentication with a Single Tri-axis Accelerometer}},
	Url = {http://doi.acm.org/10.1145/1613858.1613878},
	Year = {2009},
	Bdsk-Url-1 = {http://doi.acm.org/10.1145/1613858.1613878},
	Bdsk-Url-2 = {http://dx.doi.org/10.1145/1613858.1613878}}

@inproceedings{Zoltan,
	Address = {Prague, Czech Republic},
	Author = {Zolt{\'a}n Prekopcs{\'a}k and P. Hal{\'a}csy and C. G{\'a}sp{\'a}r-Papanek},
	Booktitle = {Proceedings of the 12th International Student Conference on Electrical Engineering},
	Month = {May},
	Title = {{Accelerometer Based Real-Time Gesture Recognition}},
	Year = {2008}}

@conference{Ahmad:2010,
	Address = {Dallas, USA},
	Author = {Ahmad Akl and Shahrokh Valaee},
	Booktitle = {Acoustics Speech and Signal Processing (ICASSP), 2010 IEEE International Conference on},
	Month = {March},
	Title = {{Accelerometer-based Gesture Recognition via Dynamic-time Warping, Affinity Propagation, \& Compressive Sensing}},
	Year = {2010}}

@inproceedings{SyncGes,
	Acmid = {964713},
	Address = {Vancouver, Canada},
	Author = {Hinckley, Ken},
	Booktitle = {Proceedings of the Symposium on User Interface Software and Technology (UIST `03)},
	Doi = {10.1145/964696.964713},
	Isbn = {1-58113-636-6},
	Title = {{Synchronous Gestures for Multiple Persons and Computers}},
	Url = {http://doi.acm.org/10.1145/964696.964713},
	Year = {2003},
	Bdsk-Url-1 = {http://doi.acm.org/10.1145/964696.964713},
	Bdsk-Url-2 = {http://dx.doi.org/10.1145/964696.964713}}

@inproceedings{vinteraction,
	Address = {Hakodate, Japan},
	Author = {T. Yonezawa and J. Nakazawa and H. Tokuda},
	Booktitle = {Proceedings of the International Conference on Mobile Computing and Ubiquitous Networking (ICMU `15)},
	Doi = {10.1109/ICMU.2015.7061059},
	Month = {Jan},
	Title = {{Vinteraction: Vibration-Based Information Transfer for Smart Devices}},
	Year = {2015},
	Bdsk-Url-1 = {http://dx.doi.org/10.1109/ICMU.2015.7061059}}

@inproceedings{Jiang2016,
	Address = {Wuhan, China},
	Author = {Jiang, Zhiping and Han, Jinsong and Xi, Wei and Zhao, Jizhong},
	Booktitle = {Proceedings of the International Conference on Collaborative Computing: Networking, Applications, and Worksharing (CollaborateCom `15)},
	Month = {Nov},
	Title = {{NFV: Near Field Vibration Based Group Device Pairing}},
	Year = {2015}}

@inproceedings{Duet,
	Acmid = {2556955},
	Address = {New York, NY},
	Author = {Chen, Xiang 'Anthony' and Grossman, Tovi and Wigdor, Daniel J. and Fitzmaurice, George},
	Booktitle = {{Proceedings of the SIGCHI Conference on Human Factors in Computing Systems (CHI `14)}},
	Doi = {10.1145/2556288.2556955},
	Location = {Toronto, Canada},
	Title = {{Duet: Exploring Joint Interactions on a Smart Phone and a Smart Watch}},
	Url = {http://doi.acm.org/10.1145/2556288.2556955},
	Year = {2014},
	Bdsk-Url-1 = {http://doi.acm.org/10.1145/2556288.2556955},
	Bdsk-Url-2 = {http://dx.doi.org/10.1145/2556288.2556955}}

@inproceedings{ShakeWell,
	Address = {Toronto, Canada},
	Author = {Mayrhofer, Rene and Gellersen, Hans},
	Booktitle = {{Proceedings of the International Conference on Pervasive Computing and Communications (PerCom `07)}},
	Month = {May},
	Title = {{Shake Well Before Use: Authentication Based on Accelerometer Data}},
	Year = {2007}}

@article{Jain,
	Author = {Anil K. Jain and Arun Ross and Salil Prabhakar},
	Journal = {IEEE Transactions on Circuits and Systems for Video Technology},
	Month = {Jan},
	Number = {1},
	Pages = {4-20},
	Title = {{An Introduction to Biometric Recognition}},
	Volume = {14},
	Year = {2004}}

@article{Apple:2014,
	Author = {{Apple Inc.}},
	Date-Added = {2016-03-09 08:30:31 +0000},
	Date-Modified = {2016-03-09 08:36:45 +0000},
	Journal = {US Patent US 20140068725 A1},
	Month = {Mar},
	Title = {{Wireless Pairing and Communication Between Devices Using Biometric Data}},
	Year = {2014}}

@inproceedings{Rostami:2013,
	Address = {Berlin, Germany},
	Author = {Masoud Rostami and Ari Juels and Farinaz Koushanfar},
	Booktitle = {Proceedings of the SIGSAC Conference on Computer and Communications Security (CCS `13)},
	Date-Added = {2016-03-09 08:24:10 +0000},
	Date-Modified = {2016-03-09 08:27:33 +0000},
	Month = {Nov},
	Title = {{Heart-to-heart (H2H): Authentication for Implanted Medical Devices}},
	Year = {2013}}
