%% This BibTeX bibliography file was created using BibDesk.
%% http://bibdesk.sourceforge.net/

%% Created for Henry Lin at 2016-02-24 05:49:10 -0600 


%% Saved with string encoding Unicode (UTF-8) 
	

%% Proposal Intros

@inproceedings{authmodels,
	Address = {Singapore},
	Acmid = {2737091},
	Author = {Zhang, Zhi-Kai and Cho, Michael Cheng Yi and Shieh, Shiuhpyng},
	Booktitle = {Proceedings of the Symposium on Information, Computer and Communications Security (ASIA CCS `15)},
	Doi = {10.1145/2714576.2737091},
	Isbn = {978-1-4503-3245-3},
	Publisher = {ACM},
	Title = {{Emerging Security Threats and Countermeasures in IoT}},
	Url = {http://doi.acm.org/10.1145/2714576.2737091},
	Year = {2015},
	Month = Apr,
	Bdsk-Url-1 = {http://doi.acm.org/10.1145/2714576.2737091},
	Bdsk-Url-2 = {http://dx.doi.org/10.1145/2714576.2737091}
}

@misc{cisco:iot-pf,
	Author = {{Cisco Systems, Inc.}},
	Howpublished = {\url{http://www.cisco.com/c/en/us/about/security-center/secure-iot-proposed-framework.html}},
	Note = {(Accessed: 2016-02-16)},
	Title = {{Securing the Internet of Things: A Proposed Framework}}}
	
@article{RuizeXu,
	Author = {Ruize Xu and Shengli Zhou and Wen J. Li},
	Journal = {IEEE Sensors Journal},
	Month = {Sep},
	Number = {5},
	Pages = {1166 - 1173},
	Title = {{MEMS Accelerometer Based Nonspecific-User Hand Gesture Recognition}},
	Volume = {12},
	Year = {2011}
}

@inproceedings{Casanova,
	Address = {Prague, Czech Republic},
	Author = {J. Guerra Casanova and C. Sanchez Avila and A. de Santos Sierra and G. Bailador del' Pozo and V. Jara Vera},
	Booktitle = {Proceedings of the Conference on Networked Digital Technologies},
	Month = {Jul},
	Series = {Communications in Computer and Information Science},
	Title = {{A Real-Time In-Air Signature Biometric Technique Using a Mobile Device Embedding an Accelerometer}},
	Year = {2010}
}

%% RW - Gesture/Motion

@article{LiuuWave,
	Author = {Jiayang Liu and Lin Zhong and Jehan Wickramasuriya and Venu Vasudevan},
	Journal = {Pervasive and Mobile Computing},
	Month = {Dec},
	Number = {6},
	Pages = {657--675},
	Title = {{uWave: Accelerometer-based Personalized Gesture Recognition and Its Applications}},
	Volume = {5},
	Year = {2009}
}

@inproceedings{Liu:2009,
	Acmid = {1613878},
	Address = {Bonn, Germany},
	Articleno = {15},
	Author = {Jiayang Liu and Lin Zhong and Jehan Wickramasuriya and Venu Vasudevan},
	Booktitle = {Proceedings of the International Conference on Human-Computer Interaction with Mobile Devices and Services (MobileHCI `09)},
	Doi = {10.1145/1613858.1613878},
	Title = {{User Evaluation of Lightweight User Authentication with a Single Tri-axis Accelerometer}},
	Url = {http://doi.acm.org/10.1145/1613858.1613878},
	Month={Sep},
	Year = {2009},
	Bdsk-Url-1 = {http://doi.acm.org/10.1145/1613858.1613878},
	Bdsk-Url-2 = {http://dx.doi.org/10.1145/1613858.1613878}
}

@inproceedings{Zoltan,
    	Address = {Prague, Czech Republic},
    	Author = {Zoltán Prekopcsák and P. Halácsy and  C. Gáspár-Papanek},
    	Booktitle = {Proceedings of the 12th International Student Conference on Electrical Engineering},
    	Title = {{Accelerometer Based Real-Time Gesture Recognition}},
	Month={May},
   	Year = {2008}
}

@conference{Ahmad:2010,
	Address = {Dallas, USA},
	Author = {Ahmad Akl and Shahrokh Valaee},
	Booktitle = {Acoustics Speech and Signal Processing (ICASSP), 2010 IEEE International Conference on},
	Month = {March},
	Title = {{Accelerometer-based Gesture Recognition via Dynamic-time Warping, Affinity Propagation, \& Compressive Sensing}},
	Year = {2010}
}

%% RW - Pairing

@inproceedings{SyncGes,
 	author = {Hinckley, Ken},
 	title = {{Synchronous Gestures for Multiple Persons and Computers}},
 	booktitle = {Proceedings of the Symposium on User Interface Software and Technology (UIST `03)},
 	year = {2003},
 	isbn = {1-58113-636-6},
 	address = {Vancouver, Canada},
 	url = {http://doi.acm.org/10.1145/964696.964713},
 	doi = {10.1145/964696.964713},
 	acmid = {964713},
} 

@INPROCEEDINGS{vinteraction,
	author={T. Yonezawa and J. Nakazawa and H. Tokuda},
	booktitle={Proceedings of the International Conference on Mobile Computing and Ubiquitous Networking (ICMU `15)},
	title={{Vinteraction: Vibration-Based Information Transfer for Smart Devices}},
	year={2015},
	doi={10.1109/ICMU.2015.7061059},
	Address={Hakodate, Japan},
	month={Jan},
}
	
@INPROCEEDINGS{Jiang2016,
	author={Jiang, Zhiping and Han, Jinsong and Xi, Wei and Zhao, Jizhong},
	title={{NFV: Near Field Vibration Based Group Device Pairing}},
	booktitle={Proceedings of the International Conference on Collaborative Computing: Networking, Applications, and Worksharing (CollaborateCom `15)},
	Year={2015},
	Address={Wuhan, China},
	Month={Nov},
}

@inproceedings{Duet,
 	author = {Chen, Xiang 'Anthony' and Grossman, Tovi and Wigdor, Daniel J. and Fitzmaurice, George},
 	title = {{Duet: Exploring Joint Interactions on a Smart Phone and a Smart Watch}},
	booktitle = {{Proceedings of the SIGCHI Conference on Human Factors in Computing Systems (CHI `14)}},
 	year = {2014},
 	location = {Toronto, Canada},
 	url = {http://doi.acm.org/10.1145/2556288.2556955},
 	doi = {10.1145/2556288.2556955},
 	acmid = {2556955},
 	address = {New York, NY},
} 

@inproceedings{ShakeWell,
 	title={{Shake Well Before Use: Authentication Based on Accelerometer Data}},
  author={Mayrhofer, Rene and Gellersen, Hans},
	booktitle = {{Proceedings of the International Conference on Pervasive Computing and Communications (PerCom `07)}},
 	year = {2007},
 	address = {Toronto, Canada},
 	month={May}
} 

%% RW - Biometrics

@article{Jain,
	Author = {Anil K. Jain and Arun Ross and Salil Prabhakar},
	Journal = {IEEE Transactions on Circuits and Systems for Video Technology},
	Month = {Jan},
	Number = {1},
	Pages = {4-20},
	Title = {{An Introduction to Biometric Recognition}},
	Volume = {14},
	Year = {2004}
}
	
@article{Apple:2014,
	Author = {{Apple Inc.}},
	Date-Added = {2016-03-09 08:30:31 +0000},
	Date-Modified = {2016-03-09 08:36:45 +0000},
	Journal = {US Patent US 20140068725 A1},
	Month = {Mar},
	Title = {{Wireless Pairing and Communication Between Devices Using Biometric Data}},
	Year = {2014}}

@inproceedings{Rostami:2013,
	Address = {Berlin, Germany},
	Author = {Masoud Rostami and Ari Juels and Farinaz Koushanfar},
	Booktitle = {Proceedings of the SIGSAC Conference on Computer and Communications Security (CCS `13)},
	Date-Added = {2016-03-09 08:24:10 +0000},
	Date-Modified = {2016-03-09 08:27:33 +0000},
	Month = {Nov},
	Title = {{Heart-to-heart (H2H): Authentication for Implanted Medical Devices}},
	Year = {2013}}


%% below are unused references in proposal

inproceedings{Coron:2010,
	Address = {Canary Islands, Spain},
	Author = {Jean-Sebastien Coron and Aline Gouget and Pascal Paillier and Karine Villegas},
	Booktitle = {Proceedings of the International Conference on Financial Cryptograpy and Data Security},
	Date-Added = {2016-02-24 08:42:21 +0000},
	Date-Modified = {2016-02-24 08:45:43 +0000},
	Month = {Jan},
	Title = {{SPAKE: A Single-Party Public-Key Authenticated Key Exchange Protocol for Contact-Less Applications}},
	Year = {2010}}

inproceedings{Juels:2005,
	Address = {Santa Barbara, California},
	Author = {Ari Juels and Stephen A. Weis},
	Booktitle = {Proceedings of the International Cryptology Conference (CRYPTO `05) },
	Date-Added = {2016-02-24 06:45:52 +0000},
	Date-Modified = {2016-02-24 06:49:28 +0000},
	Month = {August},
	Title = {{Authenticating Pervasive Devices with Human Protocols}},
	Year = {2005}}

article{Liu:2010,
	Author = {J. K. Liu and J. Baek and J. Zhou and Y. Yang and J. W. Wong},
	Date-Added = {2016-02-23 06:09:57 +0000},
	Date-Modified = {2016-02-23 06:13:21 +0000},
	Journal = {International Journal of Information Security},
	Month = {Aug},
	Title = {{Efficient Online/Offline Identity-based Signature for Wireless Sensor Network}},
	Year = {2010}}

article{Girault:2006,
	Author = {M. Girault and G. Poupard and J. Stern},
	Date-Added = {2016-02-23 06:07:30 +0000},
	Date-Modified = {2016-02-23 06:16:23 +0000},
	Journal = {Journal of Cryptology},
	Month = {Oct},
	Title = {{On the Fly Authentication and Signature Schemes Based on Groups of Unknown Order}},
	Year = {2006}}

inproceedings{DeCanniere:2006,
	Address = {Samos Island, Greece},
	Author = {{C. De Canni{\`e}re} and B. Preneel},
	Booktitle = {Proceedings of the International Conference on Information Security (ISC `06)},
	Date-Added = {2016-02-23 05:55:48 +0000},
	Date-Modified = {2016-02-24 02:54:21 +0000},
	Month = {Aug},
	Title = {{Trivium: A Stream Cipher Construction Inspired by Block Cipher Design Principles}},
	Year = {2006}}

conference{Watanabe:2008,
	Address = {Barcelona , Spain},
	Author = {D. Watanabe and K. Ideguchi and J. Kitahara and K. Muto and H. Furuichi},
	Booktitle = {Proceedings of the International Conference on Availability Reliability and Security},
	Date-Added = {2016-02-23 05:49:45 +0000},
	Date-Modified = {2016-02-23 06:49:34 +0000},
	Month = {Mar},
	Title = {{Enocoro-80: A Hardware Oriented Stream Cipher}},
	Year = {2008}}

inproceedings{Shirai:2007,
	Address = {Luxembourg, Luxembourg},
	Author = {T. Shirai and K. Shibutani and T. Akishita and S. Moriai and T. Iwata},
	Booktitle = {Proceedings of the International Conference on Fast Software Encryption},
	Date-Added = {2016-02-23 05:40:09 +0000},
	Date-Modified = {2016-02-23 05:49:05 +0000},
	Month = {Mar},
	Title = {{The 128-bit Blockcipher CLEFIA}},
	Year = {2007}}

conference{Bogdanov:2007,
	Address = {Vienna, Austria},
	Author = {A. Bogdanov and L. R. Knudsen and G. Leander and C. Paar and A. Poschmann and M. J. Robshaw and Y. Seurin and C. Vikkelsoe},
	Booktitle = {Proceedings of the Conference on Cryptographic Hardware and Embedded Systems (CHES `07)},
	Date-Added = {2016-02-23 05:29:00 +0000},
	Date-Modified = {2016-02-23 05:38:05 +0000},
	Month = {Jun},
	Title = {{PRESENT: An Ultra-lightweight Block Cipher}},
	Year = {2007}}

inproceedings{Cazorla:2013,
	Address = {Reykjavik, Iceland},
	Author = {M. Cazorla and K. Marquet and M. Minier},
	Booktitle = {Proceedings of the International Conference on Security and Cryptography},
	Date-Added = {2016-02-23 05:21:02 +0000},
	Date-Modified = {2016-02-23 06:48:38 +0000},
	Month = {Jul},
	Title = {{Survey and Benchmark of Lightweight Block Ciphers for Wireless Sensor Networks}},
	Year = {2013}}

article{Tripathi:2014,
	Author = {R. Tripathi and S. Agrawal},
	Date-Added = {2016-02-23 05:12:48 +0000},
	Date-Modified = {2016-02-23 06:17:54 +0000},
	Journal = {International Journal of Advance Foundation and Research in Computer},
	Month = {Jun},
	Title = {{Comparative Study of Symmetric and Asymmetric Cryptography Techniques}},
	Year = {2014}}

article{Eisenbarth:2007,
	Author = {T. Eisenbarth and S. Kumar and C. Paar and A. Poschmann and L. Uhsadel},
	Date-Added = {2016-02-23 05:06:12 +0000},
	Date-Modified = {2016-02-23 06:33:48 +0000},
	Journal = {IEEE Design and Test of Computers - Special Issue on Secure ICs for Secure Embedded Computing},
	Month = {Nov},
	Title = {{A Survey of Lightweight Cryptography Implementations}},
	Year = {2007}}

techreport{ISO29192-3:2012,
	Address = {Geneva, Switzerland},
	Author = {{ISO/IEC 29192-3}},
	Date-Added = {2016-02-23 04:56:36 +0000},
	Date-Modified = {2016-02-23 06:47:21 +0000},
	Institution = {International Organization for Standardization},
	Month = {Sep},
	Title = {{Information Technology -- Security Techniques -- Lightweight Cryptography -- Part 3: Stream Ciphers}},
	Year = {2012}}

techreport{ISO29192-2:2012,
	Address = {Geneva, Switzerland},
	Author = {{ISO/IEC 29192-2}},
	Date-Added = {2016-02-23 04:55:56 +0000},
	Date-Modified = {2016-02-23 06:47:12 +0000},
	Institution = {International Organization for Standardization},
	Month = {Jan},
	Title = {{Information Technology -- Security Techniques -- Lightweight Cryptography -- Part 2: Block Ciphers}},
	Year = {2012}}

techreport{ISO29192-1:2012,
	Address = {Geneva, Switzerland},
	Author = {{ISO/IEC 29192-1}},
	Date-Added = {2016-02-23 04:55:02 +0000},
	Date-Modified = {2016-02-23 06:46:25 +0000},
	Institution = {International Organization for Standardization},
	Month = {May},
	Title = {{Information Technology -- Security Techniques -- Lightweight Cryptography -- Part 1: General}},
	Year = {2012}}

techreport{ISO29192-4:2013,
	Address = {Geneva, Switzerland},
	Author = {{ISO/IEC 29192-4}},
	Date-Added = {2016-02-23 01:58:47 +0000},
	Date-Modified = {2016-02-23 06:47:30 +0000},
	Institution = {International Organization for Standardization},
	Month = {May},
	Title = {{Information Technology -- Security Techniques -- Lightweight Cryptography -- Part 4: Mechanisms Using Asymmetric Techniques}},
	Year = {2013}}

inproceedings{gatewayauth,
	Address = {San Francisco, CA},
	Author = {Bonetto, R. and Bui, N. and Lakkundi, V. and Olivereau, A. and Serbanati, A. and Rossi, M.},
	Booktitle = {Proceedings of the Conference on World of Wireless, Mobile and Multimedia Networks (WoWMoM `12)},
	Doi = {10.1109/WoWMoM.2012.6263790},
	Month = {Jun},
	Title = {{Secure Communication for Smart IoT Objects: Protocol Stacks, Use Cases and Practical Examples}},
	Year = {2012},
	Bdsk-Url-1 = {http://dx.doi.org/10.1109/WoWMoM.2012.6263790}}

article{Gateway2016,
	Author = {Hsing-Chung Chen and Ilsun You and Chien-Erh Weng and Chia-Hsin Cheng and Yung-Fa Huang},
	Doi = {http://dx.doi.org/10.1016/j.csi.2015.09.001},
	Issn = {0920-5489},
	Journal = {Computer Standards \& Interfaces},
	Title = {{A Security Gateway Application for End-to-End M2M Communications}},
	Url = {http://www.sciencedirect.com/science/article/pii/S0920548915000987},
	Year = {2016},
	Bdsk-Url-1 = {http://www.sciencedirect.com/science/article/pii/S0920548915000987},
	Bdsk-Url-2 = {http://dx.doi.org/10.1016/j.csi.2015.09.001}}

inproceedings{AuthZ,
	Author = {Gessner, D. and Olivereau, A. and Segura, A.S. and Serbanati, A.},
	Address = {Liverpool, UK},
	Booktitle = {{Proceedings of the Conference on Trust, Security and Privacy in Computing and Communications (TrustCom `12)}},
	Doi = {10.1109/TrustCom.2012.286},
	Month = Jun,
	Title = {{Trustworthy Infrastructure Services for a Secure and Privacy-Respecting Internet of Things}},
	Year = {2012},
	Bdsk-Url-1 = {http://dx.doi.org/10.1109/TrustCom.2012.286}}

inproceedings{trustindicator,
	Address={Stuttgart, Germany},
	Author = {Leister, Wolfgang and Schulz, Trenton},
	Booktitle = {Proceedings of the International Conference on Smart Systems, Devices and Technologies (SMART `12)},
	Title = {{Ideas for a Trust Indicator in the Internet of Things}},
	Year = {2012}}

article{Jing,
	Acmid = {2683166},
	Author = {Jing, Qi and Vasilakos, Athanasios V. and Wan, Jiafu and Lu, Jingwei and Qiu, Dechao},
	Doi = {10.1007/s11276-014-0761-7},
	Journal = {Wireless Networks},
	Month = {Nov},
	Number = {8},
	Numpages = {21},
	Pages = {2481--2501},
	Title = {{Security of the Internet of Things: Perspectives and Challenges}},
	Url = {http://dx.doi.org/10.1007/s11276-014-0761-7},
	Volume = {20},
	Year = {2014},
	Bdsk-Url-1 = {http://dx.doi.org/10.1007/s11276-014-0761-7}}

inproceedings{RFID,
	Author = {Khoo, B.},
	Booktitle = {Proceedings of the International Conference on Cyber, Physical and Social Computing Internet of Things (iThings/CPSCom `11)},
	Doi = {10.1109/iThings/CPSCom.2011.83},
	Month = {Oct},
	Title = {{RFID as an Enabler of the Internet of Things: Issues of Security and Privacy}},
	Year = {2011},
	Bdsk-Url-1 = {http://dx.doi.org/10.1109/iThings/CPSCom.2011.83}}


article{Drosou,
	Author = {Anastasios Drosou and Dimosthenis Ioannidis and Dimitrios Tzovaras and Konstantinos Moustakas and Maria Petrou},
	Journal = {Pattern Recognition},
	Month = {May},
	Number = {5},
	Pages = {1743--1759},
	Title = {{Activity Related Authentication Using Prehension Biometrics}},
	Volume = {48},
	Year = {2015}
}


article{DongChen2011,
	Author = {Dong Chen and Guiran Chang and Dawei Sun and Jiajia Li and Jie Jia and Xingwei Wang},
	Journal = {{Journal on Computer Science and Information Systems (ComSIS)}},
	Title = {{TRM-IoT: A Trust Management Model Based on Fuzzy Reputation for Internet of Things}},
	Url = {http://eudml.org/doc/253429},
	Year = {2011},
	Month=Oct,
	Bdsk-Url-1 = {http://eudml.org/doc/253429}
}



